<?xml version="1.0" encoding="UTF-8"?><collection xmlns="http://www.loc.gov/MARC21/slim"><record><leader>00456nam--2200169-u-4500</leader><controlfield tag="001">000016510</controlfield><controlfield tag="002">20161230</controlfield><controlfield tag="005">20161230201031</controlfield><controlfield tag="008">060222s1000------------r-----000-0-fre-d</controlfield><datafield ind1=" " ind2=" " tag="040"><subfield code="a">IFIN-HH</subfield></datafield><datafield ind1="1" ind2=" " tag="041"><subfield code="a">fre</subfield></datafield><datafield ind1=" " ind2=" " tag="080"><subfield code="a">336(061.3)</subfield></datafield><datafield ind1="1" ind2=" " tag="110"><subfield code="a">Afir</subfield></datafield><datafield ind1="1" ind2="0" tag="245"><subfield code="a">Approche actuarielle des risques financiers</subfield><subfield code="b">1er colloque international afir-paris 23-27 avril, 1990</subfield></datafield><datafield ind1=" " ind2=" " tag="260"><subfield code="a">Paris</subfield><subfield code="b">Editions Ficom</subfield><subfield code="c">1990</subfield></datafield><datafield ind1=" " ind2=" " tag="300"><subfield code="a">4 VOLUME</subfield></datafield><datafield ind1="1" ind2=" " tag="787"><subfield code="a">Vol. 4</subfield><subfield code="h">348p</subfield></datafield></record></collection>